
@misc{song2003spherical,
  title={Spherical joint for coupling three or more links together at one point},
  author={Song, S.K. and Kwon, D.S. and Kim, W.S.},
  url={http://www.google.com/patents/US6568871},
  year={2003},
  month=may # "~27",
  publisher={Google Patents},
  note={{US} Patent 6,568,871}
}

@misc{richard1961synergetic,
  title={Synergetic building construction},
  author={Fuller, R.B.},
  url={https://www.google.com/patents/US2986241},
  year={1961},
  month=may # "~30",
  publisher={Google Patents},
  note={{US} Patent 2,986,241}
}

@book{ambrose1993building,
  title={Building Structures},
  author={Ambrose, J.},
  isbn={9780471540601},
  lccn={lc92016362},
  url={https://books.google.com/books?id=5Wjxjpedi4sC},
  year={1993},
  publisher={Wiley}
}

@book{fuller1982synergetics,
  title={Synergetics: explorations in the geometry of thinking},
  author={Fuller, R.B. and Applewhite, E.J.},
  isbn={9780025418707},
  lccn={81011798},
  url={https://books.google.com/books?id=G8baAAAAMAAJ},
  year={1982},
  publisher={Macmillan}
}

@book{liljebäck2012snake,
  title={Snake Robots: Modelling, Mechatronics, and Control},
  author={Liljeb{\"a}ck, P. and Pettersen, K.Y. and Stavdahl, O. and Gravdahl, J.T.},
  isbn={9781447129967},
  series={Advances in Industrial Control},
  url={https://books.google.com/books?id=9knheIFml3IC},
  year={2012},
  publisher={Springer London}
}

@book{hirose1993biologically,
  title={Biologically inspired robots: snake-like locomotors and manipulators},
  author={Hirose, S.},
  isbn={9780198562610},
  lccn={92034986},
  series={Oxford science publications},
  url={https://books.google.com/books?id=TaIQAQAAMAAJ},
  year={1993},
  publisher={Oxford University Press}
}

@book{géradin2001flexible,
  title={Flexible multibody dynamics: a finite element approach},
  author={G{\'e}radin, M. and Cardona, A.},
  isbn={9780471489900},
  lccn={00043685},
  url={https://books.google.com/books?id=tEZSAAAAMAAJ},
  year={2001},
  publisher={John Wiley}
}


@book{wildberger2005,
  title={Divine Proportions: Rational Trigonometry to Universal Geometry},
  author={Wildberger, N. J.},
  isbn={0-9757492-0-X},
  url={http://www.amazon.com/Divine-Proportions-Rational-Trigonometry-Universal/dp/097574920X/ref=sr_1_1?ie=UTF8&s=books&qid=1268101484&sr=1-1},
  year={2005},
  publisher={Wild Egg Books, Sydney, Australia}
}

@article{paul2006,
  author  = {Paul, Chandan and Valero-Cuevas, Francisco J., and Lipson, Hod}, 
  title   = {Design and Control of Tensegrity Robots for Locomotion},
  journal = {IEEE Transactions on Robotics},
  year    = 2006,
  number  = 5,
  pages   = {944-957},
  month   = 10,
  volume  = 22
}

@inproceedings{sanderson1996modular,
  title={Modular robotics: Design and examples},
  author={Sanderson, Arthur C},
  booktitle={Emerging Technologies and Factory Automation, 1996. EFTA'96. Proceedings., 1996 IEEE Conference on},
  volume={2},
  pages={460--466},
  year={1996},
  organization={IEEE}
}

@inproceedings{lee1999dynamics,
  title={Dynamics and distributed control of Tetrobot modular robots},
  author={Lee, Woo Ho and Sanderson, Arthur C},
  booktitle={Robotics and Automation, 1999. Proceedings. 1999 IEEE International Conference on},
  volume={4},
  pages={2704--2710},
  year={1999},
  organization={IEEE}
}

@article{lee2002dynamic,
  title={Dynamic rolling locomotion and control of modular robots},
  author={Lee, Woo Ho and Sanderson, Arthur C},
  journal={IEEE Transactions on robotics and automation},
  volume={18},
  number={1},
  pages={32--41},
  year={2002},
  publisher={IEEE}
}

@misc{NTRT,
  title = {{NTRT - NASA Tensegrity Robotics Toolkit}},
  key = {NTRT},
  year={2016},  
  howpublished = {\url{https://ti.arc.nasa.gov/tech/asr/intelligent-robotics/tensegrity/ntrt/}},
  note = {Accessed: 2016-09-13}
}

@inproceedings{mirletz2014,
  title={Design and Control of Modular Spine-Like Tensgrity Structures},
  author={Mirletz, Brian T. and Park, In-Won and Flemons, Thomas E. and Agogino, Adrian K. and Quinn, Roger D. and SunSpiral, Vytas},
  year={2014},
  booktitle={World Conference of the International Association for Structural Control and Monitoring (IACSM)},
  month={July},
  organization={IACSM},
  url={https://ntrs.nasa.gov/search.jsp?R=20160005274}
}


@book{TetrobotBook,
  title={Tetrobot: A Modular Approach to Reconfigurable Parallel Robotics},
  author={Hamlin, Gregory J. and Sanderson, Arthur C.},
  isbn={9781461554714},
  url={https://play.google.com/store/books/details?id=izrSBwAAQBAJ},
  urldate = {2017-04-08},    
  year={2013},
  publisher={Springer Science \& Business Media}
}

@article{coxeter1985simplicial,
  title={The simplicial helix and the equation tan(n $\theta$) = n tan($\theta$)},
  author={Coxeter, H. S. M.},
  journal={Canad. Math. Bull},
  volume={28},
  number={4},
  pages={385--393},
  year={1985},
  publisher={Citeseer}
}

@article{sadler2013periodic,
  title={Periodic modification of the {Boerdijk-Coxeter} helix (tetrahelix)},
  author={Sadler, Garrett and Fang, Fang and Kovacs, Julio and Irwin, Klee},
  journal={arXiv preprint arXiv:1302.1174},
  eprint= {1302.1174},
  eprintclass={math.MG},
  year={2013}
}

@misc{mikulas1985sequentially,
  title={Sequentially deployable maneuverable tetrahedral beam},
  author={Mikulas, M.M. and Crawford, R.F.},
  url={https://www.google.com/patents/US4557097},
  year={1985},
  month=dec # "~10",
  publisher={Google Patents},
  note={{US} Patent 4,557,097}
}

@misc{claypool2012readily,
  title={Readily configured and reconfigured structural trusses based on tetrahedrons as modules},
  author={Claypool, J.P.},
  url={https://www.google.com/patents/US8266864},
  year={2012},
  month=sep # "~18",
  publisher={Google Patents},
  note={{US} Patent 8,266,864}
}


@unpublished{readglussbot,
title={{Gluss = Slug + Truss}},
author={Read, R. L.},
url={https://github.com/PubInv/tetrobot/blob/gh-pages/doc/Gluss.pdf},
note={Unpublished preprint},
year={2016},
urldate = {2016-10-27}
}


@INPROCEEDINGS{HamlinSandersonCMS, 
author={G. J. Hamlin and A. C. Sanderson}, 
booktitle={Proceedings of the 1994 IEEE International Conference on Robotics and Automation}, 
title={A novel concentric multilink spherical joint with parallel robotics applications}, 
year={1994}, 
pages={1267-1272 vol.2}, 
keywords={kinematics;mobile robots;position control;Stewart platforms;TETRA2 robot;concentric multilink spherical joint;parallel robot;spatial mechanism;variable geometry truss manipulators;walking robot;Application software;Collision mitigation;Computational geometry;Couplings;Fasteners;Hydraulic actuators;Kinematics;Legged locomotion;Manipulators;Parallel robots}, 
doi={10.1109/ROBOT.1994.351313}, 
month={May},}


@article{chen2017soft,
  title={Soft spherical tensegrity robot design using rod-centered actuation and control},
  author={Chen, Lee-Huang and Kim, Kyunam and Tang, Ellande and Li, Kevin and House, Richard and Zhu, Edward Liu and Fountain, Kimberley and Agogino, Alice M and Agogino, Adrian and Sunspiral, Vytas and others},
  journal={J Mech Robot},
  volume={9},
  number={2},
  pages={025001},
  year={2017},
  publisher={American Society of Mechanical Engineers}
}
@article{gezgin2017new,
  title={A New Approach to the Generation of Retractable Plate Structures Based on One-Uniform Tessellations},
  author={Gezgin, Aylin Gazi and Korkmaz, Koray},
  journal={J Mech Robot},
  volume={9},
  number={4},
  pages={041015},
  year={2017},
  publisher={American Society of Mechanical Engineers}
}


@misc{ wiki:wolog,
  author = {{Without Loss of Generality}},
  title = "Without Loss of Generality --- {W}ikipedia{,} The Free Encyclopedia",
  year = "2017",
  urldate = {2017-10-08},
  url = "https://en.wikipedia.org/w/index.php?title=Without_loss_of_generality&oldid=804419966",
  note = "[Online; accessed 5-March-2018]"
}

@Misc{tetrahelixvideo,
  author =   {Read, Robert L. },
  title =    {``{U}ntwisting the {T}etrahelix''},
  howpublished = {{\it YouTube} video 5:54, May 28, 2017, \url{https://www.youtube.com/watch?v=yGc-G4YFTxo}},
}

@misc{firstperson,
author = {Joshi, Yattendra},
  howpublished = {\url{https://www.editage.com/insights/is-it-acceptable-to-use-first-person-pronouns-in-scientific-writing}},
  month =    {January},
  day =          24,
  year =     2014,
    note = "[Online; accessed 8-March-2018]"
    }

url = "https://www.editage.com/insights/is-it-acceptable-to-use-first-person-pronouns-in-scientific-writing",
}

@misc{readtetrahelix,
  title = {``{Un}twisting the {T}etrahelix {W}ebsite''},
  howpublished = {last modified May 28, 2017, accessed May 8, 2018. \url{https://pubinv.github.io/tetrahelix/}},
  url={https://pubinv.github.io/tetrahelix/},
  urldate = {2017-04-08},
  author={Read, R. L.}
}

@misc{graytetrahelix,
  title = {``{T}etrahelix {D}ata''},
  year={2017},  
  howpublished = {accessed May 8, 2018. \url{http://www.rwgrayprojects.com/rbfnotes/helix/helix01.html}},
  url={http://www.rwgrayprojects.com/rbfnotes/helix/helix01.html},
  urldate = {Accessed: 2017-04-08},
  author={R. W. Gray}
}
